% THIS LIST PRESENTS STANDARDIZED NAMES FOR PROCEEDINGS AND JOURNALS.
% IT DOES NOT, IN ANY WAY, LIMIT THE REFERENCES TO VENUES ON THIS LIST.
% IT IS MERE A SUGGESTION ON HOW TO WRITE THE VENUES IN THE BIB FILES,
%   SO THAT JIDM KEEPS A MINIMUM OF CONSISTENCY AMONG CITATIONS
% SEPT.3rd.2010

@Book{garey_johnson,
  Title                    = {Computers and Intractability: A Guide to the Theory of NP-Completeness},
  Author                   = {Garey, Michael R. and Johnson, David S.},
  Publisher                = {W. H. Freeman \&amp; Co.},
  Year                     = {1979},

  Address                  = {New York, NY, USA},
  Timestamp                = {2017.10.16}
}

@Article{ellipsoid,
  Title                    = {The ellipsoid method and its consequences in combinatorial optimization},
  Author                   = {Gr{\"o}tschel, M.
and Lov{\'a}sz, L.
and Schrijver, A.},
  Journal                  = {Combinatorica},
  Year                     = {1981},

  Month                    = {Jun},
  Number                   = {2},
  Pages                    = {169--197},
  Volume                   = {1},

  Day                      = {01},
  ISSN                     = {1439-6912},
  Timestamp                = {2017.10.18},
}

@InBook{np_hard_cliquewidth,
  Title                    = {How to Solve NP-hard Graph Problems on Clique-Width Bounded Graphs in Polynomial Time},
  Author                   = {Espelage, Wolfgang
and Gurski, Frank
and Wanke, Egon},
  Pages                    = {117--128},
  Publisher                = {Springer Berlin Heidelberg},
  Year                     = {2001},

  Address                  = {Berlin, Heidelberg},

  Booktitle                = {Graph-Theoretic Concepts in Computer Science: 27th InternationalWorkshop, WG 2001 Boltenhagen, Germany, June 14--16, 2001 Proceedings},
  Owner                    = {gcmgomes},
  Timestamp                = {2017.10.18},
}

@Article{monadic_partitioning,
  Title                    = {MSOL partitioning problems on graphs of bounded treewidth and clique-width},
  Author                   = {Michaël Rao},
  Journal                  = {Theoretical Computer Science},
  Year                     = {2007},
  Number                   = {1},
  Pages                    = {260 - 267},
  Volume                   = {377},

  ISSN                     = {0304-3975},
  Keywords                 = {Graph algorithms},
  Owner                    = {gcmgomes},
  Timestamp                = {2017.10.18},
}

@InBook{clique_tree,
  Title                    = {An Introduction to Chordal Graphs and Clique Trees},
  Author                   = {Blair, Jean R. S.
and Peyton, Barry},
  Pages                    = {1--29},
  Publisher                = {Springer New York},
  Year                     = {1993},

  Address                  = {New York, NY},

  Booktitle                = {Graph Theory and Sparse Matrix Computation},
  Owner                    = {gcmgomes},
  Timestamp                = {2017.10.19},
}

@Article{polynomial_hierarchy,
  Title                    = {The polynomial-time hierarchy},
  Author                   = {Larry J. Stockmeyer},
  Journal                  = {Theoretical Computer Science},
  Year                     = {1976},
  Number                   = {1},
  Pages                    = {1 - 22},
  Volume                   = {3},

  Owner                    = {gcmgomes},
  Timestamp                = {2017.10.20},
}

@Book{intersection_graphs,
  Title                    = {Topics in Intersection Graph Theory},
  Author                   = {A. McKee, Terry and McMorris, F. R.},
  Publisher                = {Society for Industrial and Applied Mathematics},
  Year                     = {1999},

  Address                  = {Philadelphia, PA, USA},

}

@book{classes_survey,
 author = {Brandst\"{a}dt, Andreas and Le, Van Bang and Spinrad, Jeremy P.},
 title = {Graph Classes: A Survey},
 year = {1999},
 publisher = {Society for Industrial and Applied Mathematics},
 address = {Philadelphia, PA, USA},
} 

@book{golumbic,
 author = {Golumbic, Martin Charles},
 title = {Algorithmic Graph Theory and Perfect Graphs (Annals of Discrete Mathematics, Vol 57)},
 year = {2004},
 publisher = {North-Holland Publishing Co.},
 address = {Amsterdam, The Netherlands, The Netherlands},
}

@Book{murty,
  Title                    = {Graph theory with applications},
  Author                   = {Bondy, John Adrian and Murty, Uppaluri Siva Ramachandra},
  Publisher                = {Macmillan London},
  Year                     = {1976},
  Volume                   = {290}
}

@Article{cographs,
  Title                    = {Complement reducible graphs},
  Author                   = {D.G. Corneil and H. Lerchs and L.Stewart Burlingham},
  Journal                  = {Discrete Applied Mathematics},
  Year                     = {1981},
  Number                   = {3},
  Pages                    = {163 - 174},
  Volume                   = {3},
  Owner                    = {gcmgomes},
  Timestamp                = {2017.10.25},
}

@Article{distance_hereditary,
  Title                    = {Distance-hereditary graphs},
  Author                   = {Hans-Jürgen Bandelt and Henry Martyn Mulder},
  Journal                  = {Journal of Combinatorial Theory, Series B},
  Year                     = {1986},
  Number                   = {2},
  Pages                    = {182 - 208},
  Volume                   = {41},

  Owner                    = {gcmgomes},
  Timestamp                = {2017.10.25},
}

@Article{ptolemaic,
  Title                    = {A characterization of ptolemaic graphs},
  Author                   = {Howorka, Edward},
  Journal                  = {Journal of Graph Theory},
  Year                     = {1981},
  Number                   = {3},
  Pages                    = {323--331},
  Volume                   = {5},

  Publisher                = {Wiley Subscription Services, Inc., A Wiley Company},
}

@book{downey_fellows,
  title={Fundamentals of parameterized complexity},
  author={Downey, Rodney G and Fellows, Michael R},
  volume={4},
  year={2013},
  publisher={Springer}
}

@book{cygan_parameterized,
  title={Parameterized algorithms},
  author={Cygan, Marek and Fomin, Fedor V and Kowalik, {\L}ukasz and Lokshtanov, Daniel and Marx, D{\'a}niel and Pilipczuk, Marcin and Pilipczuk, Micha{\l} and Saurabh, Saket},
  volume={3},
  year={2015},
  publisher={Springer}
}

@inproceedings{line_dynamic,
 author = {Degiorgi, Daniele Giorgio and Simon, Klaus},
 title = {A Dynamic Algorithm for Line Graph Recognition},
 booktitle = {Proceedings of the 21st International Workshop on Graph-Theoretic Concepts in Computer Science},
 series = {WG '95},
 year = {1995},
 pages = {37--48},
 numpages = {12},
 publisher = {Springer-Verlag},
 address = {London, UK, UK},
}

@Article{line_nich,
  Title                    = {A max $\{$m, n$\}$ algorithm for determining the graph H from its line graph G},
  Author                   = {Roussopoulos, Nicholas D},
  Journal                  = {Information Processing Letters},
  Year                     = {1973},
  Number                   = {4},
  Pages                    = {108--112},
  Volume                   = {2},

  Publisher                = {Elsevier}
}


@Article{line_naor,
  Title                    = {An efficient reconstruction of a graph from its line graph in parallel},
  Author                   = {Naor, Joseph and Novick, Mark B},
  Journal                  = {Journal of algorithms},
  Year                     = {1990},
  Number                   = {1},
  Pages                    = {132--143},
  Volume                   = {11},

  Publisher                = {Elsevier}
}

@Article{clique_recognition,
  Title                    = {The complexity of clique graph recognition},
  Author                   = {Liliana Alcón and Luerbio Faria and Celina M.H. de Figueiredo and Marisa Gutierrez},
  Journal                  = {Theoretical Computer Science},
  Year                     = {2009},
  Number                   = {21},
  Pages                    = {2072 - 2083},
  Volume                   = {410},

  Keywords                 = {Clique graphs, NP-complete problems, Helly property, Intersection graphs},
  Owner                    = {gcmgomes},
  Timestamp                = {2017.10.27},
}

@article{biclique_graph,
  title={Biclique graphs and biclique matrices},
  author={Groshaus, Marina and Szwarcfiter, Jayme L},
  journal={Journal of Graph Theory},
  volume={63},
  number={1},
  pages={1--16},
  year={2010},
  publisher={Wiley Online Library}
}

@article{perfect_polynomial,
  title={Polynomial algorithms for perfect graphs},
  author={Gr{\"o}tschel, Martin and Lov{\'a}sz, L{\'a}szl{\'o} and Schrijver, Alexander},
  journal={North-Holland mathematics studies},
  volume={88},
  pages={325--356},
  year={1984},
  publisher={Elsevier}
}

@article{coloring_art,
  title={Polynomial Cases for the Vertex Coloring Problem},
  author={Karthick, T and Maffray, Fr{\'e}d{\'e}ric and Pastor, Lucas},
  journal={arXiv preprint arXiv:1709.07712},
  year={2017}
}

@article{coloring_survey,
  title={A survey on the computational complexity of coloring graphs with forbidden subgraphs},
  author={Golovach, Petr A and Johnson, Matthew and Paulusma, Dani{\"e}l and Song, Jian},
  journal={Journal of Graph Theory},
  volume={84},
  number={4},
  pages={331--363},
  year={2017},
  publisher={Wiley Online Library}
}

@InBook{coloring_survey2,
  Title                    = {Open Problems on Graph Coloring for Special Graph Classes},
  Author                   = {Paulusma, Dani{\"e}l},
  Pages                    = {16--30},
  Publisher                = {Springer Berlin Heidelberg},
  Year                     = {2016},

  Address                  = {Berlin, Heidelberg},

  
  Booktitle                = {Graph-Theoretic Concepts in Computer Science: 41st International Workshop, WG 2015, Garching, Germany, June 17-19, 2015, Revised Papers},
}

@article{clique_coloring_complexity,
  title={Complexity of clique coloring and related problems},
  author={Marx, D{\'a}niel},
  journal={Theoretical Computer Science},
  volume={412},
  number={29},
  pages={3487--3500},
  year={2011},
  publisher={Elsevier}
}

@InProceedings{unichord_coloring,
  Title                    = {Clique-colouring and biclique-colouring unichord-free graphs},
  Author                   = {Mac{\^e}do Filho, H{\'e}lio B and Machado, Raphael CS and Figueiredo, Celina MH},
  Booktitle                = {Latin American Symposium on Theoretical Informatics},
  Year                     = {2012},
  Organization             = {Springer},
  Pages                    = {530--541}
}

@article {clique_oddhole,
author = {D\'{e}fossez, David},
title = {Complexity of clique-coloring odd-hole-free graphs},
journal = {Journal of Graph Theory},
volume = {62},
number = {2},
publisher = {Wiley Subscription Services},
pages = {139--156},
keywords = {clique-coloring, odd-hole-free, complexity},
year = {2009},
}

@Article{clique_circular_arc,
  Title                    = {Clique-Coloring Circular-Arc Graphs},
  Author                   = {Márcia R. Cerioli and André L. Korenchendler},
  Journal                  = {Electronic Notes in Discrete Mathematics},
  Year                     = {2009},
  Note                     = {{L}AGOS'09 – V Latin-American Algorithms, Graphs and Optimization Symposium},
  Number                   = {Supplement C},
  Pages                    = {287 - 292},
  Volume                   = {35},
  Keywords                 = {graph theory, clique-coloring, circular-arc graph, interval graph},
}

@article{maximal_clique_coloring,
  title={Coloring the maximal cliques of graphs},
  author={Bacs{\'o}, G{\'a}bor and Gravier, Sylvain and Gy{\'a}rf{\'a}s, Andr{\'a}s and Preissmann, Myriam and Sebo, Andr{\'a}s},
  journal={SIAM Journal on Discrete Mathematics},
  volume={17},
  number={3},
  pages={361--376},
  year={2004},
  publisher={SIAM}
}

@article{epg_clique,
  title={Clique coloring B1-EPG graphs},
  author={Bonomo, Flavia and Mazzoleni, Mar{\'\i}a P{\'\i}a and Stein, Maya},
  journal={Discrete Mathematics},
  volume={340},
  number={5},
  pages={1008--1011},
  year={2017},
  publisher={Elsevier}
}

@article{weakly_clique_color,
 author = {Mac\^{e}do Filho, H{\'e}lio B. and Machado, Raphael C.S. and de Figueiredo, Celina M.H.},
 title = {Hierarchical Complexity of 2-clique-colouring Weakly Chordal Graphs and Perfect Graphs Having Cliques of Size at Least 3},
 journal = {Theor. Comput. Sci.},
 issue_date = {March 2016},
 volume = {618},
 number = {C},
 month = mar,
 year = {2016},
 pages = {122--134},
 numpages = {13},
 publisher = {Elsevier Science Publishers Ltd.},
} 

@InProceedings{clique_color_algorithm,
  Title                    = {Exact Algorithms to Clique-Colour Graphs},
  Author                   = {Cochefert, Manfred and Kratsch, Dieter},
  Booktitle                = {International Conference on Current Trends in Theory and Practice of Informatics},
  Year                     = {2014},
  Organization             = {Springer},
  Pages                    = {187--198}
}

@article{first_clique_color,
  title={Two-colouring all two-element maximal antichains},
  author={Duffus, Dwight and Sands, Bill and Sauer, Norbert and Woodrow, Robert E},
  journal={Journal of Combinatorial Theory, Series A},
  volume={57},
  number={1},
  pages={109--116},
  year={1991},
  publisher={Elsevier}
}

@article{strongly_perfect,
  title={Strongly perfect graphs},
  author={Berge, C and Duchet, P},
  journal={North-Holland mathematics studies},
  volume={88},
  pages={57--61},
  year={1984},
  publisher={Elsevier}
}

@article{clique_color_perfect_np_complete,
  title={On the complexity of bicoloring clique hypergraphs of graphs},
  author={Kratochv{\'i}l, Jan and Tuza, Zsolt},
  journal={Journal of Algorithms},
  volume={45},
  number={1},
  pages={40--54},
  year={2002},
  publisher={Elsevier}
}

@Article{clique_coloring_few_p4,
  Title                    = {On clique-colouring of graphs with few P4's},
  Author                   = {Klein, Sulamita
and Morgana, Aurora},
  Journal                  = {Journal of the Brazilian Computer Society},
  Year                     = {2012},

  Month                    = {Jun},
  Number                   = {2},
  Pages                    = {113--119},
  Volume                   = {18},

  Owner                    = {gcmgomes},
}

@article{clique_coloring_planar,
  title={The Gr{\"o}tzsch theorem for the hypergraph of maximal cliques},
  author={Mohar, Bojan and Skrekovski, Riste},
  journal={Electron. J. Combin},
  volume={6},
  number={1},
  pages={128},
  year={1999}
}

@article{neighborhood_diversity,
  title={Using neighborhood diversity to solve hard problems},
  author={Ganian, Robert},
  journal={arXiv preprint arXiv:1201.3091},
  year={2012}
}

@Article{biclique_coloring_complexity,
   author = {{Marina} {Groshaus} and {Francisco} J. {Soulignac} and {Pablo} {Terlisky}},
   title = {Star and Biclique colouring and Choosability},
   journal = {Journal of Graph Algorithms and Applications},
   year = {2014},
   volume = {18},
   number = {3},
   pages = {347--383},
}

@article{biclique_coloring_verification,
  title={Biclique-colouring verification complexity and biclique-colouring power graphs},
  author={Mac{\^e}do Filho, H{\'e}lio B and Dantas, Simone and Machado, Raphael CS and Figueiredo, Celina MH},
  journal={Discrete Applied Mathematics},
  volume={192},
  pages={65--76},
  year={2015},
  publisher={Elsevier}
}

@article{first_equitable,
  title={Equitable coloring},
  author={Meyer, Walter},
  journal={The American Mathematical Monthly},
  volume={80},
  number={8},
  pages={920--922},
  year={1973},
  publisher={JSTOR}
}

@article{hajnal_szmeredi_theorem,
  title={Proof of a conjecture of P. Erdos},
  author={Hajnal, Andr{\'a}s and Szemer{\'e}di, Endre},
  journal={Combinatorial theory and its applications},
  volume={2},
  pages={601--623},
  year={1970}
}

@InProceedings{brooks_theorem,
  Title                    = {On colouring the nodes of a network},
  Author                   = {Brooks, Rowland Leonard},
  Booktitle                = {Mathematical Proceedings of the Cambridge Philosophical Society},
  Year                     = {1941},
  Organization             = {Cambridge University Press},
  Pages                    = {194--197},
}

@article{e_delta_cc,
  title={Equitable coloring and the maximum degree},
  author={Chen, Bor-Liang and Lih, Ko-Wei and Wu, Pou-Lin},
  journal={European Journal of Combinatorics},
  volume={15},
  number={5},
  pages={443--447},
  year={1994},
  publisher={Elsevier}
}

@InCollection{equitable_survey,
  Title                    = {Equitable coloring of graphs},
  Author                   = {Lih, Ko-Wei},
  Booktitle                = {Handbook of combinatorial optimization},
  Publisher                = {Springer},
  Year                     = {2013},
  Pages                    = {1199--1248}
}

@InBook{equitable_treewidth,
  Title                    = {Equitable Colorings of Bounded Treewidth Graphs},
  Author                   = {Bodlaender, Hans L.
and Fomin, Fedor V.},
  Pages                    = {180--190},
  Publisher                = {Springer Berlin Heidelberg},
  Year                     = {2004},

  Address                  = {Berlin, Heidelberg},

  Booktitle                = {Mathematical Foundations of Computer Science 2004: 29th International Symposium, MFCS 2004, Prague, Czech Republic, August 22-27, 2004. Proceedings},
  Owner                    = {gcmgomes},
  Timestamp                = {2017.10.04}
}

@InBook{equitable_split,
  Title                    = {Equitable and m-bounded coloring of split graphs},
  Author                   = {Chen, Bor-Liang
and Ko, Ming-Tat
and Lih, Ko-Wei},
  Pages                    = {1--5},
  Publisher                = {Springer Berlin Heidelberg},
  Year                     = {1996},

  Address                  = {Berlin, Heidelberg},

  Booktitle                = {Combinatorics and Computer Science: 8th Franco-Japanese and 4th Franco-Chinese Conference Brest, France, July 3--5, 1995 Selected Papers},
  Owner                    = {gcmgomes},
}

@Article{graph_partitioning1,
  Title                    = {Restrictions of graph partition problems. Part I},
  Author                   = {Hans L. Bodlaender and Klaus Jansen},
  Journal                  = {Theoretical Computer Science},
  Year                     = {1995},
  Number                   = {1},
  Pages                    = {93 - 109},
  Volume                   = {148},

  ISSN                     = {0304-3975},
  Owner                    = {gcmgomes},
  Timestamp                = {2017.10.04},
}

@article{equitable_trees,
  title={Bounded vertex coloring of trees},
  author={Jarvis, Mark and Zhou, Bing},
  journal={Discrete Mathematics},
  volume={232},
  number={1-3},
  pages={145--151},
  year={2001},
  publisher={Elsevier}
}

@InBook{chain_antichain,
  Title                    = {On complexity of some chain and antichain partition problems},
  Author                   = {Lonc, Zbigniew},
  Pages                    = {97--104},
  Publisher                = {Springer Berlin Heidelberg},
  Year                     = {1992},

  Address                  = {Berlin, Heidelberg},

  Booktitle                = {Graph-Theoretic Concepts in Computer Science: 17th International Workshop, WG '91 Fischbachau, Germany, June 17--19 1991 Proceedings},
  Owner                    = {gcmgomes}
}

@Article{colorful_treewidth,
  Title                    = {On the complexity of some colorful problems parameterized by treewidth},
  Author                   = {Michael R. Fellows and Fedor V. Fomin and Daniel Lokshtanov and Frances Rosamond and Saket Saurabh and Stefan Szeider and Carsten Thomassen},
  Journal                  = {Information and Computation},
  Year                     = {2011},
  Number                   = {2},
  Pages                    = {143 - 153},
  Volume                   = {209},

  Keywords                 = {Parameterized complexity},
  Owner                    = {gcmgomes},
  Timestamp                = {2017.10.04},
}

@Book{hypergraphs,
  Title                    = {Hypergraphs: combinatorics of finite sets},
  Author                   = {Berge, Claude},
  Publisher                = {Elsevier},
  Year                     = {1984},
  Volume                   = {45}
}

@Article{inclusion_exclusion,
  Title                    = {Set Partitioning via Inclusion-Exclusion},
  Author                   = {Bj\"{o}rklund, Andreas and Husfeldt, Thore and Koivisto, Mikko},
  Journal                  = {SIAM J. Comput.},
  Year                     = {2009},

  Pages                    = {546--563},
  Volume                   = {39},

  Address                  = {Philadelphia, PA, USA},
  Issue_date               = {June 2009},
  Keywords                 = {exact algorithm, graph coloring, inclusion-exclusion, set partition, zeta transform},
  Numpages                 = {18},
  Publisher                = {Society for Industrial and Applied Mathematics}
}

@Book{gaspers,
  Title                    = {Exponential Time Algorithms},
  Author                   = {Gaspers, Serge},
  Publisher                = {Serge Gaspers},
  Year                     = {2010}
}

@article{set_multicover,
  title={Exact algorithms for set multicover and multiset multicover problems},
  author={Hua, Qiang-Sheng and Yu, Dongxiao and Lau, Francis and Wang, Yuexuan},
  journal={Algorithms and Computation},
  pages={34--44},
  year={2009},
  publisher={Springer}
}

@Article{moon_moser,
  Title                    = {On cliques in graphs},
  Author                   = {Moon, J. W.
and Moser, L.},
  Journal                  = {Israel Journal of Mathematics},
  Year                     = {1965},

  Month                    = {Mar},
  Number                   = {1},
  Pages                    = {23--28},
  Volume                   = {3},

}

@InBook{powers_np_c,
  Title                    = {Hardness Results and Efficient Algorithms for Graph Powers},
  Author                   = {Le, Van Bang
and Nguyen, Ngoc Tuy},
  Pages                    = {238--249},
  Publisher                = {Springer Berlin Heidelberg},
  Year                     = {2010},

  Address                  = {Berlin, Heidelberg},

  Booktitle                = {Graph-Theoretic Concepts in Computer Science: 35th International Workshop, WG 2009, Montpellier, France, June 24-26, 2009. Revised Papers},
}

@phdthesis{girth_powers,
  title={Graph powers: hardness results, good characterizations and efficient algorithms},
  author={Nguyen, Ngoc Tuy},
  year={2009},
  school={Rostock, Univ., Diss., 2009}
}

@article{hard_roots,
  title={Computing roots of graphs is hard},
  author={Motwani, Rajeev and Sudan, Madhu},
  journal={Discrete Applied Mathematics},
  volume={54},
  number={1},
  pages={81--88},
  year={1994},
  publisher={Elsevier}
}

@Article{claw_free_de_werra,
  Title                    = {Some uses of hypergraphs in timetabling},
  Author                   = {de Werra, Dominique},
  Journal                  = {Asia-Pacific Journal of Operational Research},
  Year                     = {1985},
  Number                   = {1},
  Pages                    = {2--12},
  Volume                   = {2},
}

@InBook{claw_free_coloring,
  Title                    = {Complexity of Coloring Graphs without Forbidden Induced Subgraphs},
  Author                   = {Kr{\'a}l', Daniel
and Kratochv{\'i}l, Jan
and Tuza, Zsolt
and Woeginger, Gerhard J.},
  Pages                    = {254--262},
  Publisher                = {Springer Berlin Heidelberg},
  Year                     = {2001},

  Booktitle                = {Graph-Theoretic Concepts in Computer Science: 27th International Workshop, WG 2001 Boltenhagen, Germany, June 14--16, 2001 Proceedings},
  Owner                    = {gcmgomes},
  Timestamp                = {2017.12.20}
}


@Article{eth_survey,
  Title                    = {Lower bounds based on the exponential time hypothesis},
  Author                   = {Lokshtanov, Daniel and Marx, D{\'a}niel and Saurabh, Saket and others},
  Journal                  = {Bulletin of EATCS},
  Year                     = {2013},
  Number                   = {105},
  Volume                   = {3}
}


@inproceedings{matching_cut_structural,
  author    = {N. R. Aravind and
               Subrahmanyam Kalyanasundaram and
               Anjeneya Swami Kare},
  title     = {On Structural Parameterizations of the Matching Cut Problem},
  booktitle = {Proc. of the 11th International Conference on Combinatorial Optimization and Applications (COCOA)},
  pages     = {475--482},
  year      = {2017},
 series    = {LNCS},
 volume    = {10628},
}

@article{matching_cut_graham,
  title={On primitive graphs and optimal vertex assignments},
  author={Graham, Ron L},
  journal={Annals of the New York academy of sciences},
  volume={175},
  number={1},
  pages={170--186},
  year={1970},
  publisher={Wiley Online Library}
}

@article{matching_cut_moshi,
  title={Matching cutsets in graphs},
  author={Moshi, Augustine M},
  journal={Journal of Graph Theory},
  volume={13},
  number={5},
  pages={527--536},
  year={1989},
  publisher={Wiley Online Library}
}

@article{matching_cut_tcs,
  title={Algorithms solving the matching cut problem},
  author={Dieter Kratsch and
               Van Bang Le},
  journal={Theoretical Computer Science},
  volume={609},
  pages={328--335},
  year={2016},
}



@inproceedings{matching_cut_diameter,
  author    = {Ho{\`{a}}ng{-}Oanh Le and
               Van Bang Le},
  title     = {On the Complexity of Matching Cut in Graphs of Fixed Diameter},
  booktitle = {Proc. of the 27th International Symposium on Algorithms and Computation (ISAAC)},
  pages     = {50:1--50:12},
  year      = {2016},
  series    = {LIPIcs},
  volume    = {64},
}



@article{matching_cut_planar,
  author    = {Paul S. Bonsma},
  title     = {The complexity of the matching-cut problem for planar graphs and other
               graph classes},
  journal   = {Journal of Graph Theory},
  volume    = {62},
  number    = {2},
  pages     = {109--126},
  year      = {2009},
}



@inproceedings{matching_cut_series_parallel,
  title={The complexity of the matching-cut problem},
  author={Patrignani, Maurizio and Pizzonia, Maurizio},
 booktitle = {Proc. of the 27th International Workshop on Graph-Theoretic Concepts in Computer Science (WG)},
  pages={284--295},
  year={2001},
  series    = {LNCS},
  volume    = {2204},
}



@article{stable_cutset_line_graphs,
  author    = {Van Bang Le and
               Bert Randerath},
  title     = {On stable cutsets in line graphs},
  journal   = {Theoretical Computer Science},
  volume    = {301},
  number    = {1-3},
  pages     = {463--475},
  year      = {2003},
}



@article{eth,
  title={{On the complexity of $k$-SAT}},
  author={Impagliazzo, Russell and Paturi, Ramamohan},
  journal={Journal of Computer and System Sciences},
  volume={62},
  number={2},
  pages={367--375},
  year={2001},
  publisher={Elsevier}
}

@article{courcelle_theorem,
  title={{The monadic second-order logic of graphs. I. Recognizable sets of finite graphs}},
  author={Courcelle, Bruno},
  journal={Information and computation},
  volume={85},
  number={1},
  pages={12--75},
  year={1990},
  publisher={Citeseer}
}

@article{internal_partition_thomassen,
  title={Graph decomposition with constraints on the connectivity and minimum degree},
  author={Thomassen, Carsten},
  journal={Journal of Graph Theory},
  volume={7},
  number={2},
  pages={165--167},
  year={1983},
  publisher={Wiley Online Library}
}

@article{internal_partition_stiebitz,
  title={Decomposing graphs under degree constraints},
  author={Stiebitz, Michael},
  journal={Journal of Graph Theory},
  volume={23},
  number={3},
  pages={321--324},
  year={1996},
  publisher={Wiley Online Library}
}

@article{internal_partition_triangle_free,
  title={On decomposition of triangle-free graphs under degree constraints},
  author={Kaneko, Atsushi},
  journal={Journal of Graph Theory},
  volume={27},
  number={1},
  pages={7--9},
  year={1998},
  publisher={Wiley Online Library}
}

@article{internal_partition_c4_free,
  title={{Decomposing $C_4$-free graphs under degree constraints}},
  author={Ma, Jie and Yang, Tianchi},
  journal={Journal of Graph Theory},
  volume={90},
  number={1},
  pages={13--23},
  year={2019},
}

@article{internal_partition_regular6,
  title={Internal partitions of regular graphs},
  author={Ban, Amir and Linial, Nati},
  journal={Journal of Graph Theory},
  volume={83},
  number={1},
  pages={5--18},
  year={2016},
}

@article{internal_partition_regular3_4,
  title={On satisfactory partitioning of graphs},
  author={Shafique, Khurram H and Dutton, Ronald D},
  journal={Congressus Numerantium},
  pages={183--194},
  year={2002},
  publisher={Winnipeg; Utilitas Mathematica; 1998}
}



@inproceedings{cross_composition,
  author    = {Hans L. Bodlaender and
               Bart M. P. Jansen and
               Stefan Kratsch},
  title     = {Cross-Composition: {A} New Technique for Kernelization Lower Bounds},
  booktitle = {Proc. of the 28th International Symposium on Theoretical Aspects of Computer Science (STACS)},
  pages     = {165--176},
  year      = {2011},
  series    = {LIPIcs},
  volume    = {9},
}


@book{exact_exponential_algorithms,
  title={Exact Exponential Algorithms},
  author={Fomin, Fedor V. and Kratsch, Dieter},
  year={2010},
  publisher={Springer}
}

@MISC{DeVos09,
  author =       {DeVos, Matt},
  title =        {\texttt{http://www.openproblemgarden.org/op/friendly\_partitions}},
  year =         {2009},
}

@book{CyganFKLMPPS15,
  author    = {Marek Cygan and
               Fedor V. Fomin and
               Lukasz Kowalik and
               Daniel Lokshtanov and
               D{\'{a}}niel Marx and
               Marcin Pilipczuk and
               Michal Pilipczuk and
               Saket Saurabh},
  title     = {Parameterized Algorithms},
  publisher = {Springer},
  year      = {2015},
}

@BOOK{Klo94,
  AUTHOR =       {T. Kloks},
  TITLE =        {Treewidth. Computations and Approximations},
  PUBLISHER =    {Springer-Verlag LNCS},
  YEAR =         {1994},
}


@ARTICLE{branching-cluster,
  AUTHOR =       {Anudhyan Boral and Marek Cygan and Tomasz Kociumaka and Marcin Pilipczuk},
  TITLE =        {A fast branching algorithm for cluster vertex deletion},
  JOURNAL =      {Theory of Computing Systems},
  YEAR =         {2016},
  volume =       {58},
  number =       {2},
  pages =        {357--376},
}

@book{Die10,
	Author = {Reinhard Diestel},
	Publisher = {Springer-Verlag, 4th edition},
	Title = {{Graph Theory}},
	Volume = {173},
	Year = {2010}}

@book{DF13,
  author    = {R. G. Downey and
               M. R. Fellows},
  title     = {Fundamentals of Parameterized Complexity},
  publisher = {Springer},
  series    = {Texts in Computer Science},
  year      = {2013},
}

@article{BodlaenderDFH09,
  author    = {Hans L. Bodlaender and
               Rodney G. Downey and
               Michael R. Fellows and
               Danny Hermelin},
  title     = {On problems without polynomial kernels},
  journal   = {Journal of Computer and System Sciences},
  volume    = {75},
  number    = {8},
  pages     = {423--434},
  year      = {2009},
}

@article{BodlaenderJK14,
  author    = {Hans L. Bodlaender and
               Bart M. P. Jansen and
               Stefan Kratsch},
  title     = {Kernelization Lower Bounds by Cross-Composition},
  journal   = {{SIAM} Journal on Discrete Mathematics},
  volume    = {28},
  number    = {1},
  pages     = {277--305},
  year      = {2014},
}

@article{FortnowS11,
  author    = {Lance Fortnow and
               Rahul Santhanam},
  title     = {{Infeasibility of instance compression and succinct PCPs for {NP}}},
  journal   = {Journal of Computer and System Sciences},
  volume    = {77},
  number    = {1},
  pages     = {91--106},
  year      = {2011},
}

@article{Yap83,
  author    = {Chee{-}Keng Yap},
  title     = {Some Consequences of Non-Uniform Conditions on Uniform Classes},
  journal   = {Theoretical Computer Science},
  volume    = {26},
  pages     = {287--300},
  year      = {1983},
}



@BOOK{book-kernels,
  AUTHOR =       {Fedor V. Fomin and Daniel Lokshtanov and Saket Saurabh and Meirav Zehavi},
  TITLE =        {{Kernelization: Theory of Parameterized Preprocessing}},
  PUBLISHER =    {Cambridge University Press},
  YEAR =         {2019},
}



@article{chvatal_matching_cut,
  title={Recognizing decomposable graphs},
  author={Chv{\'a}tal, Vasek},
  journal={Journal of Graph Theory},
  volume={8},
  number={1},
  pages={51--53},
  year={1984},
  publisher={Wiley Online Library}
}


@inproceedings{matching_cut_ipec,
  author    = {Komusiewicz, Christian and Kratsch, Dieter
and Van Bang Le},
  title     = {{Matching Cut: Kernelization, Single-Exponential Time FPT, and Exact Exponential
Algorithms}},
  booktitle = {Proc. of the 13th International Symposium on Parameterized and Exact Computation
               (IPEC)},
  pages     = {19:1--19:13},
  year      = {2018},
  series    = {LIPIcs},
  volume    = {115},
}

@inproceedings{marx_treewidth_reduction,
  author    = {D{\'{a}}niel Marx and
               Barry O'Sullivan and
               Igor Razgon},
  title     = {Treewidth Reduction for Constrained Separation and Bipartization Problems},
  booktitle = {Proc. of the 27th International Symposium on Theoretical Aspects of Computer Science,
                (STACS)},
  pages     = {561--572},
  year      = {2010},
 series    = {LIPIcs},
  volume    = {5},
}


@inproceedings{lovasz_hypergraph,
  title={Coverings and colorings of hypergraphs},
  author={Lov{\'a}sz, L{\'a}szl{\'o}},
  booktitle={Proc. of the 4th Southeastern Conference of Combinatorics, Graph Theory, and Computing},
  pages={3--12},
  year={1973},
  organization={Utilitas Mathematica Publishing}
}


@Article{treewidth,
  Title                    = {{Graph minors. II. Algorithmic aspects of tree-width}},
  Author                   = {Neil Robertson and P.D Seymour},
  Journal                  = {Journal of Algorithms},
  Year                     = {1986},
  Number                   = {3},
  Pages                    = {309--322},
  Volume                   = {7}
}


@article{substar_graph,
    title = "A characterization of substar graphs",
    journal = "Discrete Applied Mathematics",
    volume = "175",
    pages = "115 - 118",
    year = "2014",
    issn = "0166-218X",
    doi = "https://doi.org/10.1016/j.dam.2014.05.033",
    author = "Felix Joos",
    keywords = "Chordal graph, Intersection graph, Substar graph"
}

@article{starlike_graph,
  title={Characterizing Intersection Graphs of Substars of a Star},
  author={Cerioli, M{\'a}rcia R and Szwarcfiter, Jayme L},
  journal={Ars Combinatoria},
  volume={79},
  pages={21--31},
  year={2006}
}


@article{clique_critical_alcon,
    title = "Clique-critical graphs: Maximum size and recognition",
    journal = "Discrete Applied Mathematics",
    volume = "154",
    number = "13",
    pages = "1799 - 1802",
    year = "2006",
    note = "Traces of the Latin American Conference on Combinatorics, Graphs and Applications",
    issn = "0166-218X",
    doi = "https://doi.org/10.1016/j.dam.2006.03.024",
    author = "Liliana Alc\'on"
}

@article{clique_critical_toft,
title = "On clique-critical graphs",
journal = "Journal of Combinatorial Theory, Series B",
volume = "17",
number = "2",
pages = "170 - 182",
year = "1974",
issn = "0095-8956",
doi = "https://doi.org/10.1016/0095-8956(74)90084-7",
author = "F Escalante and B Toft",
}

@article{nauty,
    title = "Practical graph isomorphism, \{II\} ",
    journal = "Journal of Symbolic Computation ",
    volume = "60",
    number = "0",
    pages = "94 - 112",
    year = "2014",
    note = "",
    issn = "0747-7171",
    doi = "http://dx.doi.org/10.1016/j.jsc.2013.09.003",
    author = "Brendan D. McKay and Adolfo Piperno"
}

@article{clique_iterated,
    title = "Dismantlings and iterated clique graphs",
    journal = "Discrete Mathematics",
    volume = "282",
    number = "1",
    pages = "263 - 265",
    year = "2004",
    issn = "0012-365X",
    doi = "https://doi.org/10.1016/j.disc.2003.12.011",
    author = "M.E Fr\'ias-Armenta and V Neumann-Lara and M.A Pizaña",
    keywords = "Clique graphs, Iterated clique graphs, Dismantlings, Clique behaviour",
}


@article{clique_divergent,
    title = "On clique divergent graphs with linear growth",
    journal = "Discrete Mathematics",
    volume = "245",
    number = "1",
    pages = "139 - 153",
    year = "2002",
    issn = "0012-365X",
    doi = "https://doi.org/10.1016/S0012-365X(01)00138-8",
    author = "F. Larrión and V. Neumann-Lara",
    keywords = "Iterated clique graphs, Clique divergence, Linear growth",
}

@article{biclique_iterated,
    author = {Groshaus, Marina and Montero, Leandro P.},
    title = {On the Iterated Biclique Operator},
    journal = {Journal of Graph Theory},
    volume = {73},
    number = {2},
    pages = {181-190},
    keywords = {bicliques, biclique graphs, clique graphs, divergent graphs, iterated graph operators, graph dynamics},
    doi = {10.1002/jgt.21666},
    year = {2013}
}

@article{almost_all_biclique,
    title = "Almost every graph is divergent under the biclique operator",
    journal = "Discrete Applied Mathematics",
    volume = "201",
    pages = "130 - 140",
    year = "2016",
    issn = "0166-218X",
    doi = "https://doi.org/10.1016/j.dam.2015.07.022",
    author = "Marina Groshaus and André L.P. Guedes and Leandro Montero",
    keywords = "Bicliques, Biclique graphs, False-twin-free graphs, Iterated graph operators, Graph dynamics",
}

@article{improved_vertex_cover,
    title = "Improved upper bounds for vertex cover",
    journal = "Theoretical Computer Science",
    volume = "411",
    number = "40",
    pages = "3736 - 3756",
    year = "2010",
    issn = "0304-3975",
    author = "Jianer Chen and Iyad A. Kanj and Ge Xia",
}

@inproceedings{bad_seth,
 author = {P\u{a}tra\c{s}cu, Mihai and Williams, Ryan},
 title = {On the Possibility of Faster SAT Algorithms},
 booktitle = {Proceedings of the Twenty-first Annual ACM-SIAM Symposium on Discrete Algorithms},
 series = {SODA '10},
 year = {2010},
 isbn = {978-0-898716-98-6},
 pages = {1065--1075},
 numpages = {11},
 publisher = {Society for Industrial and Applied Mathematics},
}

@article{seth_lokshtanov,
 author = {Lokshtanov, Daniel and Marx, D\'{a}niel and Saurabh, Saket},
 title = {Known Algorithms on Graphs of Bounded Treewidth Are Probably Optimal},
 journal = {ACM Trans. Algorithms},
 issue_date = {June 2018},
 volume = {14},
 number = {2},
 month = apr,
 year = {2018},
 issn = {1549-6325},
 pages = {13:1--13:30},
 articleno = {13},
 numpages = {30},
 publisher = {ACM},
}

@article{seth_subset_sum,
   title={SETH-Based Lower Bounds for Subset Sum and Bicriteria Path},
   ISBN={9781611975482},
   url={http://dx.doi.org/10.1137/1.9781611975482.3},
   DOI={10.1137/1.9781611975482.3},
   journal={Proceedings of the Thirtieth Annual ACM-SIAM Symposium on Discrete Algorithms},
   publisher={Society for Industrial and Applied Mathematics},
   author={Abboud, Amir and Bringmann, Karl and Hermelin, Danny and Shabtay, Dvir},
   year={2019},
   month={Jan},
   pages={41–57}
}

@book{bellman_dp,
  Author = {Richard Bellman},
  Title = {Dynamic Programming (Princeton Landmarks in Mathematics and Physics)},
  Publisher = {Princeton University Press},
  Year = {1957},
}

@inproceedings{weak_composition,
 author = {Hermelin, Danny and Wu, Xi},
 title = {Weak Compositions and Their Applications to Polynomial Lower Bounds for Kernelization},
 booktitle = {Proceedings of the Twenty-third Annual ACM-SIAM Symposium on Discrete Algorithms},
 series = {SODA '12},
 year = {2012},
 location = {Kyoto, Japan},
 pages = {104--113},
 numpages = {10},
 url = {http://dl.acm.org/citation.cfm?id=2095116.2095125},
 acmid = {2095125},
 publisher = {Society for Industrial and Applied Mathematics},
 address = {Philadelphia, PA, USA},
}


@InProceedings{triangle_packing,
    author="Fellows, Mike
    and Heggernes, Pinar
    and Rosamond, Frances
    and Sloper, Christian
    and Telle, Jan Arne",
    editor="Hromkovi{\v{c}}, Juraj
    and Nagl, Manfred
    and Westfechtel, Bernhard",
    title="Finding k Disjoint Triangles in an Arbitrary Graph",
    booktitle="Graph-Theoretic Concepts in Computer Science",
    year="2005",
    publisher="Springer Berlin Heidelberg",
    address="Berlin, Heidelberg",
    pages="235--244",
}


@inproceedings{fourier_mobius,
  title={Fourier meets M{\"o}bius: fast subset convolution},
  author={Bj{\"o}rklund, Andreas and Husfeldt, Thore and Kaski, Petteri and Koivisto, Mikko},
  booktitle={Proceedings of the thirty-ninth annual ACM symposium on Theory of computing},
  pages={67--74},
  year={2007},
  organization={ACM}
}

@InProceedings{b_coloring,
author="Campos, Victor
and Lima, Carlos
and Silva, Ana",
title="B-Coloring Graphs with Girth at Least 8",
booktitle="The Seventh European Conference on Combinatorics, Graph Theory and Applications",
year="2013",
publisher="Scuola Normale Superiore",
address="Pisa",
pages="327--332",
}

@article{choosability_complexity,
title = "The complexity of planar graph choosability",
journal = "Discrete Mathematics",
volume = "159",
number = "1",
pages = "119 - 130",
year = "1996",
author = "Shai Gutner",
}

@article{unipolar_graphs,
   title={Recognition of Unipolar and Generalised Split Graphs},
   volume={8},
   ISSN={1999-4893},
   url={http://dx.doi.org/10.3390/a8010046},
   DOI={10.3390/a8010046},
   number={1},
   journal={Algorithms},
   publisher={MDPI AG},
   author={McDiarmid, Colin and Yolov, Nikola},
   year={2015},
   month={Feb},
   pages={46–59}
}

@book{linear_optimization,
    author = {Bertsimas, Dimitris and Tsitsiklis, John},
    year = {1998},
    title = {Introduction to Linear Optimization},
    publisher = {Athena Scientific}
}

@article{max_cut_apxhard,
    title = "Optimization, approximation, and complexity classes",
    journal = "Journal of Computer and System Sciences",
    volume = "43",
    number = "3",
    pages = "425 - 440",
    year = "1991",
    author = "Christos H. Papadimitriou and Mihalis Yannakakis",
}

@book{ford_fulkerson,
 author = {L. R. FORD and D. R. FULKERSON},
 publisher = {Princeton University Press},
 title = {Flows in Networks},
 year = {1962}
}

@article{marx_separation,
    title = "Parameterized graph separation problems",
    journal = "Theoretical Computer Science",
    volume = "351",
    number = "3",
    pages = "394 - 406",
    year = "2006",
    note = "Parameterized and Exact Computation",
    author = "Dániel Marx",
}

@InProceedings{triangle_free_coloring,
author="Kr{\'a}l', Daniel
and Kratochv{\'i}l, Jan
and Tuza, Zsolt
and Woeginger, Gerhard J.",
editor="Brandst{\"a}dt, Andreas
and Le, Van Bang",
title="Complexity of Coloring Graphs without Forbidden Induced Subgraphs",
booktitle="Graph-Theoretic Concepts in Computer Science",
year="2001",
publisher="Springer Berlin Heidelberg",
address="Berlin, Heidelberg",
pages="254--262",
}

@article{equitable_bipartite,
title = "On equitable coloring of bipartite graphs",
journal = "Discrete Mathematics",
volume = "151",
number = "1",
pages = "155 - 160",
year = "1996",
issn = "0012-365X",
doi = "https://doi.org/10.1016/0012-365X(94)00092-W",
author = "Ko-Wei Lih and Pou-Lin Wu",
}

@article{equitable_outerplanar,
title = "Equitable colorings of outerplanar graphs",
journal = "Discrete Mathematics",
volume = "258",
number = "1",
pages = "373 - 377",
year = "2002",
issn = "0012-365X",
doi = "https://doi.org/10.1016/S0012-365X(02)00538-1",
url = "http://www.sciencedirect.com/science/article/pii/S0012365X02005381",
author = "A.V. Kostochka",
}

@article{equitable_planar,
title = "Equitable colorings of planar graphs with maximum degree at least nine",
journal = "Discrete Mathematics",
volume = "312",
number = "5",
pages = "1019 - 1024",
year = "2012",
issn = "0012-365X",
doi = "https://doi.org/10.1016/j.disc.2011.11.004",
url = "http://www.sciencedirect.com/science/article/pii/S0012365X11005012",
author = "Kittikorn Nakprasit",
}

@article{equitable_degenerate,
  title={On equitable coloring of d-degenerate graphs},
  author={Kostochka, Alexandr V and Nakprasit, Kittikorn and Pemmaraju, Sriram V},
  journal={SIAM Journal on Discrete Mathematics},
  volume={19},
  number={1},
  pages={83--95},
  year={2005},
  publisher={SIAM}
}

@article{equitable_kneser,
  title={The equitable colorings of Kneser graphs},
  author={Chen, Bor-Liang and Huang, Kuo-Ching and others},
  journal={Taiwanese Journal of Mathematics},
  volume={12},
  number={4},
  pages={887--900},
  year={2008},
  publisher={The Mathematical Society of the Republic of China}
}

@misc{equitable_interval,
    title={Equitable coloring of interval graphs and products of graphs},
    author={Bor-Liang Chen and Ko-Wei Lih and Jing-Ho Yan},
    year={2009},
    eprint={0903.1396},
    archivePrefix={arXiv},
    primaryClass={math.CO}
}