@InBook{fernando_chordal,
  Title                    = {Register Allocation Via Coloring of Chordal Graphs},
  Author                   = {Pereira, Fernando Magno Quint{\~a}o
and Palsberg, Jens},
  Pages                    = {315--329},
  Publisher                = {Springer Berlin Heidelberg},
  Year                     = {2005},

  Address                  = {Berlin, Heidelberg},

    Booktitle                = {Programming Languages and Systems: Third Asian Symposium, APLAS 2005, Tsukuba, Japan, November 2-5, 2005. Proceedings},
  ISBN                     = {978-3-540-32247-4},
  Owner                    = {gcmgomes},
  Timestamp                = {2017.10.23},
}

@inproceedings{color_zpp,
  title={Zero knowledge and the chromatic number},
  author={Feige, Uriel and Kilian, Joe},
  booktitle={Computational Complexity, 1996. Proceedings., Eleventh Annual IEEE Conference on},
  pages={278--287},
  year={1996},
  organization={IEEE}
}

@article{mutual_exclusion_scheduling,
  title={Mutual exclusion scheduling},
  author={Baker, Brenda S and Coffman, Edward G},
  journal={Theoretical Computer Science},
  volume={162},
  number={2},
  pages={225--243},
  year={1996},
  publisher={Elsevier}
}

@book{domain_decomposition,
  title={Domain decomposition: parallel multilevel methods for elliptic partial differential equations},
  author={Smith, Barry and Bjorstad, Petter and Gropp, William},
  year={2004},
  publisher={Cambridge university press}
}

@Article{bin_packing_w1,
  Title                    = {Bin packing with fixed number of bins revisited},
  Author                   = {Klaus Jansen and Stefan Kratsch and Dániel Marx and Ildikó Schlotter},
  Journal                  = {Journal of Computer and System Sciences},
  Year                     = {2013},
  Number                   = {1},
  Pages                    = {39 - 49},
  Volume                   = {79},

  Keywords                 = {Bin Packing, Parameterized complexity, Additive approximation, W[1]-hardness},
  Owner                    = {gcmgomes},
  Timestamp                = {2017.11.16},
}

@inproceedings{traffic_scheduling,
 author = {Irani, Sandy and Leung, Vitus},
 title = {Scheduling with Conflicts, and Applications to Traffic Signal Control},
 booktitle = {Proceedings of the Seventh Annual ACM-SIAM Symposium on Discrete Algorithms},
 series = {SODA '96},
 year = {1996},
 location = {Atlanta, Georgia, USA},
 pages = {85--94},
 numpages = {10},
 publisher = {Society for Industrial and Applied Mathematics},
 address = {Philadelphia, PA, USA},
}

@article{timetable,
  title={An existential problem of a weight-controlled subset and its application to school timetable construction},
  author={Kitagawa, Fumio and Ikeda, Hideto},
  journal={Discrete Mathematics},
  pages={195--211},
  year={1988},
  publisher={Elsevier}
}

@inproceedings{kadison_singer_1,
  title={Interlacing families I: Bipartite Ramanujan graphs of all degrees},
  author={Marcus, Adam and Spielman, Daniel A and Srivastava, Nikhil},
  booktitle={2013 IEEE 54th Annual Symposium on Foundations of computer science},
  pages={529--537},
  year={2013},
  organization={IEEE}
}

@article{kadison_singer_2,
  title={Interlacing families II: Mixed characteristic polynomials and the Kadison—Singer problem},
  author={Marcus, Adam W and Spielman, Daniel A and Srivastava, Nikhil},
  journal={Annals of Mathematics},
  pages={327--350},
  year={2015},
  publisher={JSTOR}
}
